<record><leader>00000cas a22000007a 4500</leader><controlfield tag="001">11870478</controlfield><controlfield tag="008">850401d18881889wiuwr ne      0    0eng d</controlfield><datafield ind1=" " ind2=" " tag="010"><subfield code="a">sn 85040480 </subfield></datafield><datafield ind1=" " ind2=" " tag="040"><subfield code="a">NPV</subfield><subfield code="b">eng</subfield><subfield code="c">NPV</subfield><subfield code="d">OCLCQ</subfield></datafield><datafield ind1=" " ind2=" " tag="042"><subfield code="a">msc</subfield></datafield><datafield ind1=" " ind2=" " tag="043"><subfield code="a">n-us-wi</subfield></datafield><datafield ind1=" " ind2=" " tag="045"><subfield code="a">w8w8</subfield></datafield><datafield ind1=" " ind2=" " tag="052"><subfield code="a">4123</subfield><subfield code="b">D3</subfield></datafield><datafield ind1="0" ind2=" " tag="130"><subfield code="a">News-advertiser (Madison, Wis.)</subfield></datafield><datafield ind1="1" ind2="0" tag="245"><subfield code="a">News-advertiser.</subfield></datafield><datafield ind1=" " ind2=" " tag="260"><subfield code="a">Madison, Wis. :</subfield><subfield code="b">News Print. Co.,</subfield><subfield code="c">1888-1889.</subfield></datafield><datafield ind1=" " ind2=" " tag="300"><subfield code="a">2 v. :</subfield><subfield code="b">ill.</subfield></datafield><datafield ind1=" " ind2=" " tag="310"><subfield code="a">Weekly</subfield></datafield><datafield ind1="0" ind2=" " tag="362"><subfield code="a">Vol. 21, no. 30 (Sept. 21, 1888)-v. 22, no. 27 (Aug. 23, 1889).</subfield></datafield><datafield ind1=" " ind2=" " tag="500"><subfield code="a">Editor: Clarence Burnett.</subfield></datafield><datafield ind1=" " ind2=" " tag="530"><subfield code="a">Available on microfilm from The State Historical Society of Wisconsin.</subfield></datafield><datafield ind1=" " ind2=" " tag="580"><subfield code="a">Formed by merger of: Saturday issue of Evening news (Madison, Wis.), and, The Advertiser (Black Earth, Wis.).</subfield></datafield><datafield ind1=" " ind2=" " tag="752"><subfield code="a">United States</subfield><subfield code="b">Wisconsin</subfield><subfield code="c">Dane</subfield><subfield code="d">Black Earth.</subfield></datafield><datafield ind1="1" ind2="4" tag="780"><subfield code="t">Evening news (Madison, Wis.)</subfield><subfield code="w">(DLC)sn 84025146</subfield></datafield><datafield ind1="1" ind2="4" tag="780"><subfield code="t">Advertiser (Black Earth, Wis.)</subfield><subfield code="w">(DLC)sn 85040479</subfield></datafield><datafield ind1="1" ind2=" " tag="029"><subfield code="a">AU@</subfield><subfield code="b">000025801527</subfield></datafield></record>